<?xml version="1.0" encoding="UTF-8"?><collection xmlns="http://www.loc.gov/MARC21/slim"><record><leader>00368nam--2200121-i-4500</leader><controlfield tag="001">000048014</controlfield><controlfield tag="002">20161230</controlfield><controlfield tag="005">20161230201046</controlfield><controlfield tag="008">060222s1000------------r-----000-0-eng-d</controlfield><datafield ind1=" " ind2=" " tag="100"><subfield code="a">Keyser, Carl A</subfield></datafield><datafield ind1=" " ind2=" " tag="245"><subfield code="a">Materials of engineering. properties, fabrication uses and testing</subfield></datafield><datafield ind1=" " ind2=" " tag="260"><subfield code="a">New Jersey, Englewood Cliffs, Prentice Hall, 1956, Xiv+502p.Cu Fig</subfield></datafield><datafield ind1=" " ind2=" " tag="852"><subfield code="a">13070</subfield></datafield></record></collection>